<record><leader>00000cas a22000007a 4500</leader><controlfield tag="001">13707684</controlfield><controlfield tag="008">860609d18791881utudn ne      0    0eng d</controlfield><datafield ind1=" " ind2=" " tag="010"><subfield code="a">sn 86091494 </subfield></datafield><datafield ind1=" " ind2=" " tag="040"><subfield code="a">UNP</subfield><subfield code="b">eng</subfield><subfield code="c">UNP</subfield><subfield code="d">CNK</subfield><subfield code="d">OCLCQ</subfield></datafield><datafield ind1=" " ind2=" " tag="042"><subfield code="a">msc</subfield></datafield><datafield ind1=" " ind2="4" tag="050"><subfield code="a">AN1</subfield><subfield code="b">.O3432</subfield></datafield><datafield ind1="0" ind2="4" tag="245"><subfield code="a">The Daily Ogden junction.</subfield></datafield><datafield ind1=" " ind2=" " tag="260"><subfield code="a">Ogden, Utah :</subfield><subfield code="b">Junction Print. Assoc.,</subfield><subfield code="c">1879-1881.</subfield></datafield><datafield ind1=" " ind2=" " tag="300"><subfield code="a">2 v. :</subfield><subfield code="b">ill.</subfield></datafield><datafield ind1=" " ind2=" " tag="310"><subfield code="a">Daily (except Sun.)</subfield></datafield><datafield ind1="0" ind2=" " tag="362"><subfield code="a">Vol. 7, no. 101 (Jan. 26, 1879)-v. 9, no. 88 (Feb. 14, 1881).</subfield></datafield><datafield ind1=" " ind2=" " tag="580"><subfield code="a">Semiweekly ed.: Ogden junction (Ogden, Utah : 1870).</subfield></datafield><datafield ind1=" " ind2=" " tag="752"><subfield code="a">United States</subfield><subfield code="b">Utah</subfield><subfield code="c">Weber</subfield><subfield code="d">Ogden.</subfield></datafield><datafield ind1="1" ind2=" " tag="775"><subfield code="t">Ogden junction (Ogden, Utah : 1870)</subfield><subfield code="w">(DLC)sn 83021443</subfield><subfield code="w">(OCoLC)10168449</subfield></datafield><datafield ind1="0" ind2="0" tag="780"><subfield code="t">Ogden junction (Ogden, Utah : 1872)</subfield><subfield code="w">(DLC)sn 83021444</subfield><subfield code="w">(OCoLC)10168535</subfield></datafield><datafield ind1="1" ind2=" " tag="029"><subfield code="a">AU@</subfield><subfield code="b">000025798786</subfield></datafield></record>